<collection xmlns="http://www.loc.gov/MARC21/slim"><record><leader>00807nam  2200253   450</leader><controlfield tag="001">112</controlfield><controlfield tag="003">http://montalegre.opacnet.com/OPAC/default.aspx?ContentAreaControl=ShowRegHoldings.ascx&amp;RegNo=16662</controlfield><datafield tag="021" ind1=" " ind2=" "><subfield code="a">PT</subfield><subfield code="b">65741/93</subfield></datafield><datafield tag="095" ind1=" " ind2=" "><subfield code="a">PTBN00514650</subfield></datafield><datafield tag="100" ind1=" " ind2=" "><subfield code="a">19931124d1993    m  y0pory010305  ba</subfield></datafield><datafield tag="101" ind1="1" ind2=" "><subfield code="a">por</subfield><subfield code="c">ger</subfield></datafield><datafield tag="102" ind1=" " ind2=" "><subfield code="a">PT</subfield></datafield><datafield tag="105" ind1=" " ind2=" "><subfield code="a">y   z   000ay</subfield></datafield><datafield tag="106" ind1=" " ind2=" "><subfield code="a">r</subfield></datafield><datafield tag="200" ind1="1" ind2=" "><subfield code="a">Histórias do Senhor Keuner</subfield><subfield code="f">Bertolt Brecht</subfield><subfield code="g">trad. Luís Bruhein</subfield></datafield><datafield tag="210" ind1=" " ind2=" "><subfield code="a">Lisboa</subfield><subfield code="c">Hiena</subfield><subfield code="d">1993</subfield></datafield><datafield tag="215" ind1=" " ind2=" "><subfield code="a">107, [1] p.</subfield><subfield code="d">21 cm</subfield></datafield><datafield tag="225" ind1="2" ind2=" "><subfield code="a">Memória do abismo</subfield><subfield code="v">43</subfield></datafield><datafield tag="304" ind1=" " ind2=" "><subfield code="a">Tít. orig.: Geschichten vom Herrn Keuner</subfield></datafield><datafield tag="675" ind1=" " ind2=" "><subfield code="a">830-84"19"</subfield><subfield code="v">BN</subfield><subfield code="z">por</subfield></datafield><datafield tag="700" ind1=" " ind2="1"><subfield code="a">Brecht</subfield><subfield code="b">Bertolt</subfield><subfield code="f">1898-1956</subfield></datafield><datafield tag="702" ind1=" " ind2="1"><subfield code="a">Bruhein</subfield><subfield code="b">Luís</subfield><subfield code="4">730</subfield></datafield><datafield tag="801" ind1=" " ind2="0"><subfield code="a">PT</subfield><subfield code="b">Biblioteca Municipal de Montalegre</subfield><subfield code="g">RPC</subfield></datafield><datafield tag="856" ind1=" " ind2=" "><subfield code="u">locateMedia.asp?cod=20060509095841&amp;ext=jpg</subfield><subfield code="z">CAPA</subfield></datafield><datafield tag="909" ind1="&#9;" ind2=" "><subfield code="a">1</subfield></datafield><datafield tag="966" ind1=" " ind2=" "><subfield code="a">0008285</subfield><subfield code="l">BMM</subfield><subfield code="s">SCG 821 BRE his 43</subfield></datafield></record></collection>